
@BOOK{stroustrup2000,
   AUTHOR      = "Bjarne Stroustrup",
   TITLE       = "The {C++} Programming Language",
   PUBLISHER   = "Addison-Wesley Professional",
   YEAR        = 2000,
   EDITION     = "Special"
   }
